<record><leader>00000cas a22000007a 4500</leader><controlfield tag="001">19225350</controlfield><controlfield tag="008">890216d184718uumduwr ne      0    0eng d</controlfield><datafield ind1=" " ind2=" " tag="010"><subfield code="a">sn 89060041 </subfield></datafield><datafield ind1=" " ind2=" " tag="040"><subfield code="a">MFN</subfield><subfield code="b">eng</subfield><subfield code="c">MFN</subfield><subfield code="d">OCLCQ</subfield></datafield><datafield ind1=" " ind2=" " tag="042"><subfield code="a">msc</subfield></datafield><datafield ind1="0" ind2=" " tag="130"><subfield code="a">Maryland sentinel (Centreville, Md.)</subfield></datafield><datafield ind1="1" ind2="4" tag="245"><subfield code="a">The Maryland sentinel.</subfield></datafield><datafield ind1=" " ind2=" " tag="260"><subfield code="a">Centreville, Md. :</subfield><subfield code="b">J.H. Rowlenson</subfield></datafield><datafield ind1=" " ind2=" " tag="300"><subfield code="a">v.</subfield></datafield><datafield ind1=" " ind2=" " tag="310"><subfield code="a">Weekly</subfield></datafield><datafield ind1="1" ind2=" " tag="362"><subfield code="a">Began in 1847?</subfield></datafield><datafield ind1=" " ind2=" " tag="588"><subfield code="a">Description based on: Vol. 16, no. 50 (Dec. 10, 1854).</subfield></datafield><datafield ind1=" " ind2=" " tag="752"><subfield code="a">United States</subfield><subfield code="b">Maryland</subfield><subfield code="c">Queen Anne's</subfield><subfield code="d">Centreville.</subfield></datafield><datafield ind1="0" ind2="0" tag="780"><subfield code="t">Weekly sentinel and general advertiser</subfield><subfield code="w">(DLC)sn 83016232</subfield></datafield></record>